@article{zurek,
  title={Reasoning with principles},
  author={Zurek, Tomasz and Araszkiewicz, Micha{\l} and Stachura-Zurek, Dorota},
  journal={Expert Systems with Applications},
  volume={210},
  pages={118496},
  year={2022},
  publisher={Elsevier}
}

@article{zurek2,
  title={Goals, values, and reasoning},
  author={Zurek, Tomasz},
  journal={Expert Systems with Applications},
  volume={71},
  pages={442--456},
  year={2017},
  publisher={Elsevier}
}